% Encoding: UTF-8

%%%%%%%%%%%%%%%%%%%%%%%%%%%%%%%%%%%%%%%%%%%%%%%%%%%
% Control theory

@InProceedings{PayloadControlTheory,
  Title = {Quad-rotor lifting-transporting cable-suspended payloads control},
  Author = {Y. Alothman and W. Jasim and D. Gu},
  Booktitle = {21st International Conference on Automation and Computing (ICAC)},
  Year = {2015},
  Pages = {1-6}
}

@InProceedings{PayloadControlTheory2,
  Title = {Trajectory generation for swing-free maneuvers of a quadrotor with suspended payload: A dynamic programming approach},
  Author = {I. Palunko and R. Fierro and P. Cruz},
  Booktitle = {IEEE International Conference on Robotics and Automation (ICRA)},
  Year = {2012},
  Pages = {2691-2697}
}

@InProceedings{QuadrotorDynamics,
   Author = {S Bouabdallah and R Siegwart},
   Title = {Full Control of a Quadrotor},
   Booktitle = {The IEEE International Conference on Intelligent Robots (IROS)},
   Year = {2007}
}

@InProceedings{ControlForQuads,
  Title = {A Review of Control Algorithms for Autonomous Quadrotors},
  Author = {Andrew Zulu and Samuel John},
  Booktitle = {Open Journal of Applied Sciences},
  Year = {2014},
  Pages = {547-556}
}

%%%%%%%%%%%%%%%%%%%%%%%%%%%%%%%%%%%%%%%%%%%%%%%%%%%
% Other learning techniques

@Article{FuzzyPIDAbbasi,
  Title = {Controlling of Quadrotor UAV Using a Fuzzy System for Tuning the PID Gains in Hovering Mode},
  Author = {Abbasi E. and M. Mahjoob},
}

@InProceedings{FuzzyQuadrotorControl,
  Title = {Intelligent fuzzy controller of a quadrotor},
  Author = {Santos, M. and Lopez, V. and Morata, F.},
  Booktitle = {Intelligent Systems and Knowledge Engineering (ISKE), 2010},
  Year = {2010},
  Pages = {141-146}
}

@InProceedings{PayloadLSPI,
  Title = {A reinforcement learning approach towards autonomous suspended load manipulation using aerial robots},
  Author = {I. Palunko and A. Faust and P. Cruz and L. Tapia and R. Fierro},
  Booktitle = {IEEE International Conference on Robotics and Automation (ICRA)},
  Year = {2013}
}

@InProceedings{InvertedHelicopterFlight,
  Title = {Inverted autonomous helicopter flight via reinforcement learning},
  Author = {Andrew Y. Ng and H. Jin Kim and Michael I. Jordan and Shankar Sastry},
  Booktitle = {In International Symposium on Experimental Robotics},
  Year = {2004}
}

%%%%%%%%%%%%%%%%%%%%%%%%%%%%%%%%%%%%%%%%%%%%%%%%%%%
% RL - techniques used

@InProceedings{PEGASUS,
  Title = {Pegasus: A policy search method for large MDPs and POMDPs},
  Author = {Ng, Andrew Y.},
  Booktitle = {16th Conference on Uncertainty in Artificial Intelligence},
  Year = {2000},
  Pages = {406--415}
}

@InProceedings{HelicopterPegasus,
  Title = {Autonomous Helicopter Flight via Reinforcement Learning},
  Author = {Ng, A. Y. and Kim, H. J. and Jordan, M. I. and Sastry, S.},
  Booktitle = {Neural Information Processing Systems (NIPS)},
  Year = {2003},
  Publisher = {MIT Press}
}

@Book{SuttonBartoBook,
  Title = {Reinforcement learning: An introduction},
  Author = {Sutton, R.S. and Barto, A.G.},
  Publisher = {Cambridge Univ Press},
  Year = {1998},
  Volume = {116}
}


%%%%%%%%%%%%%%%%%%%%%%%%%%%%%%%%%%%%%%%%%%%%%%%%%%%
% Apprenticeship Learning

@InProceedings{ApprenticeshipLearning,
  Title = {Apprenticeship Learning via Inverse Reinforcement Learning},
  Author = {Pieter Abbeel and Andrew Y. Ng},
  Booktitle = {21st International Conference on Machine Learning},
  Year = {2004}
}

@InProceedings{ApprenticeshipHelicopterAerobatics,
  Title = {Autonomous Helicopter Aerobatics Through Apprenticeship Learning},
  Author = {Abbeel, Pieter and Coates, Adam and Ng, Andrew Y.},
  Booktitle = {The International Journal of Robotics Research Volume 29},
  Year = {2010},
  Pages = {1608-1639}
}

@InProceedings{SemiSupervisedApprenticeship,
  Title = {Semi-Supervised Apprenticeship Learning},
  Author = {Valko, Michal and Ghavamzadeh, Mohammad and Lazaric, Alessandro},
  Booktitle = {The 24th Journal of Machine Learning Research Proceedings of the 10th European Workshop on Reinforcement Learning},
  Year = {2013},
  Pages = {131-241}
}


%%%%%%%%%%%%%%%%%%%%%%%%%%%%%%%%%%%%%%%%%%%%%%%%%%%
% Citations for code - ROS and Gazebo packages

@InProceedings{ROS,
  Title = {ROS: an open-source Robot Operating System},
  Author = {M. Quigley and B. Gerkey and K. Conley and J. Faust and T. Foote and J. Leibs and E. Berger and R. Wheeler and A. Y. Ng},
  Booktitle = {Open-Source Software workshop of the International Conference on Robotics and Automation (ICRA)},
  Year = {2009}
}

@InProceedings{Gazebo,
  Title = {Design and Use Paradigms for Gazebo, an Open-source Multi-robot Simulator},
  Author = {Nathan Koenig and Andrew Howard},
  Booktitle = {International Conference on Intelligent Robots and Systems},
  Year = {2004},
  Pages = {2149-2154}
}

@InProceedings{HectorQuadrotor,
  Title = {Comprehensive Simulation of Quadrotor UAVs using ROS and Gazebo},
  Author = {Johannes Meyer and Alexander Sendobry and Stefan Kohlbrecher and Uwe Klingauf and Oskar von Stryk},
  Booktitle = {3rd International Conference on Simulation, Modeling and Programming for Autonomous Robots (SIMPAR)},
  Year = {2012}
}

@InProceedings{Texplore,
  Title = {TEXPLORE: Temporal Difference Reinforcement Learning for Robots and Time-Constrained Domains},
  Author = {Hester T, Stone P},
  Booktitle = {Machine Learning, Volume 90, Issue 3},
  Year = {2013},
  Pages = {385-429}
}

@InProceedings{RLGlue,
  Title = {RL-Glue : Language-independent software for reinforcement-learning experiments},
  Author = {Tanner B, White A},
  Booktitle = {Journal of Machine Learning Research},
  Year = {2009}
}
