% Encoding: UTF-8

%%%%%%%%%%%%%%%%%%%%%%%%%%%%%%%%%%%%%%%%%%%%%%%%%%%
% Control theory

@InProceedings{PayloadControlTheory,
  Title = {Quad-rotor lifting-transporting cable-suspended payloads control},
  Author = {Yaser Alothman and Wessam Jasim and Dongbing Gu},
  Booktitle = {21st International Conference on Automation and Computing (ICAC)},
  Year = {2015},
  Pages = {1-6}
}

@InProceedings{PayloadControlTheory2,
  Title = {Trajectory generation for swing-free maneuvers of a quadrotor with suspended payload: A dynamic programming approach},
  Author = {Ivana Palunko and Rafael Fierro and Patricio Cruz},
  Booktitle = {IEEE International Conference on Robotics and Automation (ICRA)},
  Year = {2012},
  Pages = {2691-2697}
}

@InProceedings{QuadrotorDynamics,
   Author = {Samir Bouabdallah and Roland Siegwart},
   Title = {Full Control of a Quadrotor},
   Booktitle = {The IEEE International Conference on Intelligent Robots (IROS)},
   Year = {2007}
}

@InProceedings{ControlForQuads,
  Title = {A Review of Control Algorithms for Autonomous Quadrotors},
  Author = {Andrew Zulu and Samuel John},
  Booktitle = {Open Journal of Applied Sciences},
  Year = {2014},
  Pages = {547-556}
}

%%%%%%%%%%%%%%%%%%%%%%%%%%%%%%%%%%%%%%%%%%%%%%%%%%%
% Other learning refs

@Article{MarkovDecisionProcess,
  Title = {A Markovian Decision Process},
  Author = {Richard Bellman},
  Journal = {Indiana University Mathematics Journal},
  Year = {1957},
  Volume = {6},
  Issue = {4},
  Pages = {"679-684"}
}

@Article{FuzzyPIDAbbasi,
  Title = {Controlling of Quadrotor UAV Using a Fuzzy System for Tuning the PID Gains in Hovering Mode},
  Author = {Abbasi E. and M. Mahjoob},
}

@InProceedings{FuzzyQuadrotorControl,
  Title = {Intelligent fuzzy controller of a quadrotor},
  Author = {Matilde Santos and Victoria Lopez and Francisco Morata},
  Booktitle = {Intelligent Systems and Knowledge Engineering (ISKE), 2010},
  Year = {2010},
  Pages = {141-146}
}

@InProceedings{PayloadLSPI,
  Title = {A reinforcement learning approach towards autonomous suspended load manipulation using aerial robots},
  Author = {Ivana Palunko and Aleksandra Faust and Patricio Cruz and Lydia Tapia and Rafael Fierro},
  Booktitle = {IEEE International Conference on Robotics and Automation (ICRA)},
  Year = {2013}
}

@InProceedings{InvertedHelicopterFlight,
  Title = {Inverted autonomous helicopter flight via reinforcement learning},
  Author = {Andrew Ng and Jin Kim and Michael Jordan and Shankar Sastry},
  Booktitle = {In International Symposium on Experimental Robotics},
  Year = {2004}
}

@TechReport{PredatorPrey,
  Title = {Competition Between Reinforcement Learning Methods
in a Predator-Prey Grid World},
  Author = {Jacob Schrum},
  Institution = {University of Texas, Austin},
  Year = {2008}
}

@Article{PredatorPreyCoEvolution,
  Title = {Co-evolution in predator prey through reinforcement learning},
  Author = {Megan M. Olsena and Rachel Fraczkowskib},
  Journal = {Journal of Computational Science},
  Volume = {9},
  Year = {2015},
  Pages = {118-124}
}

@InProceedings {STARMAC,
  Title = {The Stanford Testbed of Autonomous Rotorcraft for Multi Agent Control (STARMAC},
  Author = {Gabe Hoffmann and Dev Gorur Rajnarayan and Steven L. Wasl and David Dostal and Jung Soon Jang and Claire J. Tomlin},
  Booktitle = {In Proceedings of the 23rd Digital Avionics Systems Conference},
  Year = {2004}
}

@TechReport{CONJPOMDP,
  Author = {Jonathan Baxter and Lex Weaver and Peter Bartlett},
  Title = {Direct Gradient-Based Reinforcement Learning: II. Gradient Ascent Algorithms and Experiments},
  Institution = {National University},
  Year = {1999}
}

%%%%%%%%%%%%%%%%%%%%%%%%%%%%%%%%%%%%%%%%%%%%%%%%%%%
% Time warping

@Article{RDTWPackage,
  Title = {Computing and Visualizing Dynamic Time Warping Alignments in {R}: The {dtw} Package},
  Author = {Toni Giorgino},
  Journal = {Journal of Statistical Software},
  Year = {2009},
  Volume = {31},
  Pages = {1-24}
}

@Article{DTW,
  Title = {Dynamic programming algorithm optimization for spoken word recognition},
  Author = {Hiroaki Sakoe and Seibi Chiba},
  Journal = {IEEE Transactions on Acoustics, Speech, and Signal Processing},
  Year = {1978},
  Volume = {26},
  Pages = {43-49}
}	

%%%%%%%%%%%%%%%%%%%%%%%%%%%%%%%%%%%%%%%%%%%%%%%%%%%
% Kalman Filters

@Article{KalmanFilters,
  Title = {A New Approach to Linear Filtering and Prediction Problems},
  Author = {Rudolf E. Kalman},
  Journal = {Transactions of the ASME - Journal of Basic Engineering},
  Pages = {35-45},
  Year = {1960}
}

@Article{KalmanFiltersEM,
  Author = {G. A. Einicke},
  Journal = {IEEE Transactions on Signal Processing},
  Title = {Asymptotic Optimality of the Minimum-Variance Fixed-Interval Smoother},
  Year = {2007},
  Volume = {55},
  pages = {1543-1547}
}

@Article{KalmanFiltersFusion,
  Author = {James L. Crowley and Yves Demazeau},
  Journal = {Signal Processing},
  Title = {Principles and Techniques for Sensor Data Fusion},
  Year = {2007},
  Volume = {55},
  Pages = {1543-1547}
}

@InProceedings{NonLinearEMKalman,
  Title = {Learning Nonlinear Dynamical Systems Using an {EM} Algorithm},
  Author = {Zoubin Ghahramani and Sam T. Roweis},
  Booktitle = {Advances in Neural Information Processing Systems (NIPS)},
  Pages = {431-437},
  Year = {1998}
}

@book{EstTheo,
  Author = {Steven M. Kay},
  Title = {Fundamentals of Statistical Signal Processing: Estimation Theory},
  Year = {1993},
  Publisher = {Prentice Hall}
}

%%%%%%%%%%%%%%%%%%%%%%%%%%%%%%%%%%%%%%%%%%%%%%%%%%%
% RL - techniques used

@InProceedings{PEGASUS,
  Title = {Pegasus: A policy search method for large MDPs and POMDPs},
  Author = {Andrew Ng},
  Booktitle = {16th Conference on Uncertainty in Artificial Intelligence},
  Year = {2000},
  Pages = {406--415}
}

@InProceedings{HelicopterPegasus,
  Title = {Autonomous Helicopter Flight via Reinforcement Learning},
  Author = {Andrew Ng and Jin Kim and Michael Jordan and Shankar Sastry},
  Booktitle = {Neural Information Processing Systems (NIPS)},
  Year = {2003},
  Publisher = {MIT Press}
}

@Book{SuttonBartoBook,
  Title = {Reinforcement learning: An introduction},
  Author = {Richard Sutton and Andrew Barto},
  Publisher = {Cambridge University Press},
  Year = {1998},
  Volume = {116}
}

@techreport{PurePursuit,
   author = "R. Craig Coulter",
   title = "Implementation of the Pure Pursuit Path Tracking Algorithm",
   institution = "Robotics Institute",
   month = "January",
   year = "1992",
}


%%%%%%%%%%%%%%%%%%%%%%%%%%%%%%%%%%%%%%%%%%%%%%%%%%%
% Apprenticeship Learning

@InProceedings{ApprenticeshipDARPA,
  Title = {The stanford entry in the urban challenge},
  Author = {Montemerlo, M., Becker, J., Bhat, S., Dahlkamp, H., Dolgov, D., Ettinger, S., Haehnel, D., Hilden, T., Hoffmann, G., Huhnke, B., Johnston, D., Klumpp, S., Langer, D., Levandowski, A., Levinson, J., Marcil, J., Orenstein, D., Paefgen, J., Penny, I., Petrovskaya, A., Pueger, M., Stanek, G., Stavens, D., Vogt, A., and Thrun, S.},
  Booktitle = {Journal of Field Robotics},
  Year = {2008}
}

@InProceedings{InverseRL,
  Title = {Apprenticeship Learning via Inverse Reinforcement Learning},
  Author = {Pieter Abbeel and Andrew Ng},
  Booktitle = {21st International Conference on Machine Learning},
  Year = {2004}
}

@InProceedings{InaccurateRLmodels,
  Title = {Using inaccurate models in reinforcement learning},
  Author = {Pieter Abbeel, 	Morgan Quigley and Andrew Ng},
  Booktitle = {23rd international conference on Machine learning},
  Year = {2006}
}

@InProceedings{ApprenticeshipHelicopterAerobatics,
  Title = {Autonomous Helicopter Aerobatics Through Apprenticeship Learning},
  Author = {Pieter Abbeel and Adam Coates and Andrew Ng},
  Booktitle = {The International Journal of Robotics Research Volume 29},
  Year = {2010},
  Pages = {1608-1639}
}

@InProceedings{SemiSupervisedApprenticeship,
  Title = {Semi-Supervised Apprenticeship Learning},
  Author = {Michal Valko and Mohammad Ghavamzadeh and Alessandro Lazaric},
  Booktitle = {The 24th Journal of Machine Learning Research Proceedings of the 10th European Workshop on Reinforcement Learning},
  Year = {2013},
  Pages = {131-241}
}

%%%%%%%%%%%%%%%%%%%%%%%%%%%%%%%%%%%%%%%%%%%%%%%%%%%
% Application of RL

@article{RLInCheckers,
  Author = {A. L. Samuel},
  Title = {Some Studies in Machine Learning Using the Game of Checkers},
  Journal = {IBM Journal of Research and Development},
  Volume = {3},
  Year = {1959},
  Pages = {210--229}
}

@article{RLInGo,
  Title = {Reinforcement Learning of Local Shape in the Game of Go.},
  Author = {Silver, David and Sutton, Richard S and M{\"u}ller, Martin},
  Journal = {International Joint Conference on Artificial Intelligence},
  Volume = {7},
  Pages = {1053--1058},
  Year = {2007}
}

@article{RLInBackgammon,
  Title = {Temporal difference learning and {TD-Gammon}},
  Author = {Tesauro, G.},
  Journal = {Communications of the Association for Computing Machinery (ACM)},
  Pages = {58-68},
  Volume = {38},
  Year = {1995}
}

@inproceedings{RLInQRouting,
  Title = {Packet Routing in Dynamically Changing Networks: A Reinforcement Learning Approach},
  Author = {Justin A. Boyan and Michael L. Littman},
  Booktitle = {Neural Information Processing Systems (NIPS)},
  Year = {1993}
}

@INPROCEEDINGS{RLInElevators,
  Author = {Robert Crites and Andrew Barto},
  Title = {Improving Elevator Performance Using Reinforcement Learning},
  Booktitle = {Advances in Neural Information Processing Systems},
  Year = {1996},
  Pages = {1017-1023},
}

@inproceedings{RLInAlgoSelection,
  Author = {Lagoudakis, Michail G. and Littman, Michael L.},
  Title = {Algorithm Selection Using Reinforcement Learning},
  Booktitle = {Proceedings of the Seventeenth International Conference on Machine Learning},
  Year = {2000},
  Pages = {511-518}
}

@INPROCEEDINGS{RLInJobShopScheduling,
  Author = {Wei Zhang and Thomas G. Dietterich},
  Title = {A Reinforcement Learning Approach to Job-shop Scheduling},
  Booktitle = {In Proceedings of the Fourteenth International Joint Conference on Artificial Intelligence},
  Year = {1995},
  Pages = {1114--1120}
}

@INPROCEEDINGS{RLInDialogSystems,
  Title = {The best of both worlds: unifying conventional dialog systems and POMDPs},
  Author = {Jason D. Williams},
  Booktitle = {In Proceedings of Interspeech},
  Year = {2008}
}

@article{RLInRecommenders,
  Author = {Resnick, Paul and Varian, Hal R.},
  Title = {Recommender Systems},
  Journal = {Communications of the Association for Computing Machinery (ACM)},
  Volume = {40},
  Year = {1997},
  Pages = {56--58}
} 

@article{TableTennisRL,
  title = {Learning to Select and Generalize Striking Movements in Robot Table Tennis},
  author = {M{\"u}lling, K. and Kober, J. and Kroemer, O. and Peters, J.},
  journal = {International Journal of Robotics Research},
  volume = {32},
  number = {3},
  pages = {263-279},
  year = {2013}
}
@inproceedings{RobocupRL,
  author = {Latzke, Tobias and Behnke, Sven and Bennewitz, Maren},
  booktitle = {Proceedings of The 10th RoboCup International Symposium, Bremen},
  description = {Imitative Reinforcement Learning for Soccer Playing Robots},
  title = {Imitative Reinforcement Learning for Soccer Playing Robots},
  year = 2006
}

@inproceedings{NonparametricRL,
  author    = {Christopher G. Atkeson},
  title     = {Nonparametric Model-Based Reinforcement Learning},
  booktitle = {Advances in Neural Information Processing Systems 10, {[NIPS} Conference,
               Denver, Colorado, USA, 1997]},
  pages     = {1008--1014},
}

@inproceedings{HelicopterPolicySearch,
   author = "J. Andrew (Drew) Bagnell and Jeff {Schneider }",
   title = "Autonomous Helicopter Control using Reinforcement Learning Policy Search Methods",
   booktitle = "Proceedings of the International Conference on Robotics and Automation 2001",
   publisher = "IEEE",
   month = "May",
   year = "2001",
}

@Article{LWL,
author="Atkeson, Christopher G. and Moore, Andrew W. and Schaal, Stefan",
title="Locally Weighted Learning for Control",
journal="Artificial Intelligence Review",
volume="11",
number="1",
pages="75--113",
}

@INPROCEEDINGS{PILCO,
    author = {Marc Peter Deisenroth and Carl Edward Rasmussen},
    title = {PILCO: A Model-Based and Data-Efficient Approach to Policy Search},
    booktitle = {In Proceedings of the International Conference on Machine Learning},
    year = {2011}
}

%%%%%%%%%%%%%%%%%%%%%%%%%%%%%%%%%%%%%%%%%%%%%%%%%%%
% Citations for code - ROS and Gazebo packages

@InProceedings{ROS,
  Title = {ROS: an open-source Robot Operating System},
  Author = {Morgan Quigley and Brian Gerkey and Ken Conley and Josh Faust and Tully Foote and Jeremy Leibs and Eric Berger and Rob Wheeler and Andrew Ng},
  Booktitle = {Open-Source Software workshop of the International Conference on Robotics and Automation (ICRA)},
  Year = {2009}
}

@InProceedings{Gazebo,
  Title = {Design and Use Paradigms for Gazebo, an Open-source Multi-robot Simulator},
  Author = {Nathan Koenig and Andrew Howard},
  Booktitle = {International Conference on Intelligent Robots and Systems},
  Year = {2004},
  Pages = {2149-2154}
}

@InProceedings{HectorQuadrotor,
  Title = {Comprehensive Simulation of Quadrotor UAVs using ROS and Gazebo},
  Author = {Johannes Meyer and Alexander Sendobry and Stefan Kohlbrecher and Uwe Klingauf and Oskar von Stryk},
  Booktitle = {3rd International Conference on Simulation, Modeling and Programming for Autonomous Robots (SIMPAR)},
  Year = {2012}
}

@InProceedings{Texplore,
  Title = {TEXPLORE: Temporal Difference Reinforcement Learning for Robots and Time-Constrained Domains},
  Author = {Todd Hester and Peter Stone},
  Booktitle = {Machine Learning, Volume 90, Issue 3},
  Year = {2013},
  Pages = {385-429}
}

@InProceedings{RLGlue,
  Title = {RL-Glue : Language-independent software for reinforcement-learning experiments},
  Author = {Brian Tanner and Adam White},
  Booktitle = {Journal of Machine Learning Research},
  Year = {2009}
}
